
@ARTICLE{Ammons:001,
   AUTHOR="Ammons B, Chiles L",
   TITLE="Development of phrenic motoneuron morphology in the electronic thesis template user",
   JOURNAL="ETD Today",
   VOLUME=45,
   PAGES=42,
   YEAR=2004
}

@ARTICLE{Fishman:001,
   AUTHOR="Fishman J",
   TITLE="How to format an electronic thesis",
   JOURNAL="Journal of ETD Minutia",
   VOLUME=58,
   PAGES=519,
   YEAR=2003
}
