@booklet{McGillTG:P1994,
  author = "{Faculty of Graduate Studies and Research,
	     McGill University}",
  title = "Guidelines for Thesis Preparation",
  month = sep,
  year = 1994}

@book{Lamport:1994,
  author = "Leslie Lamport",
  title = "\LaTeX{} A Document Preparation System",
  edition = "second",
  publisher = {Addison-Wesley},
  year = 1994}

@book{Goossens:1994,
  author = "Michel Goossens and Frank Mittelbach and
  Alexander Samarin",
  title = "The {\LaTeX} Companion",
  publisher = "Addison-Wesley",
  year = 1994,
  pagenums = "530 + 30",
  bibliography = "yes",
  index = "yes",
  isbn = "0-201-54199-8"}

@book{Goossens:1997,
  author = "Michel Goossens and Sebastian Rahtz and Frank Mittelbach",
  title = "The {\LaTeX} Graphics Companion",
  publisher = "Addison-Wesley Longman",
  year = 1997,
  pagenums = "554 + 26",
  bibliography = "yes",
  index = "yes",
  isbn = "0-201-85469-4"}

@book{Kopka:1995,
  author = "Helmut Kopka and Patrick W. Daly",
  title = "A Guide to {\LaTeXe}",
  edition = "second",
  publisher = "Addison-Wesley",
  year = 1995,
  pagenums = "554 + 10",
  bibliography = "yes",
  index = "yes",
  isbn = "0-201-42777-X"}

@book{Knuth:1986,
  author = "Donald Ervin Knuth",
  title = "The \TeX{}book",
  publisher = "Addison-Wesley",
  year = 1986}
