@inproceedings{srinivasan1986distributed,
  title={Distributed radar detection theory},
  author={Srinivasan, R},
  booktitle={IEE Proceedings F (Communications, Radar and Signal Processing)},
  volume={133},
  number={1},
  pages={55--60},
  year={1986},
  organization={IET}
}

@article{zhang2000efficient,
  title={Efficient computational algorithms for the design of distributed detection networks},
  author={Zhang, Qian},
  year={2000}
}

@article{ma2008soft,
  title={Soft combination and detection for cooperative spectrum sensing in cognitive radio networks},
  author={Ma, Jun and Zhao, Guodong and Li, Ye},
  journal={Wireless Communications, IEEE Transactions on},
  volume={7},
  number={11},
  pages={4502--4507},
  year={2008},
  publisher={IEEE}
}

@article{spielman1973refutation,
  title={A refutation of the Neyman-Pearson theory of testing},
  author={Spielman, Stephen},
  journal={British Journal for the Philosophy of Science},
  pages={201--222},
  year={1973},
  publisher={JSTOR}
}

@article{ma2008soft,
  title={Soft combination and detection for cooperative spectrum sensing in cognitive radio networks},
  author={Ma, Jun and Zhao, Guodong and Li, Ye},
  journal={Wireless Communications, IEEE Transactions on},
  volume={7},
  number={11},
  pages={4502--4507},
  year={2008},
  publisher={IEEE}
}

@ARTICLE{Ammons:001,
   AUTHOR="Ammons B, Chiles L",
   TITLE="Development of phrenic motoneuron morphology in the electronic thesis template user",
   JOURNAL="ETD Today",
   VOLUME=45,
   PAGES=42,
   YEAR=2004
}

@ARTICLE{Fishman:001,
   AUTHOR="Fishman J",
   TITLE="How to format an electronic thesis",
   JOURNAL="Journal of ETD Minutia",
   VOLUME=58,
   PAGES=519,
   YEAR=2003
}

@inproceedings{tang2006some,
      title={Some physical layer issues of wide-band cognitive radio systems},
        author={Tang, Haiyun},
          booktitle={New frontiers in dynamic spectrum access networks, 2005. DySPAN 2005. 2005 first IEEE international symposium on},
            pages={151--159},
              year={2005},
                organization={IEEE}
}

@article{ma2009signal,
      title={Signal processing in cognitive radio},
        author={Ma, Jun and Li, Geoffrey Ye and Juang, Biing Hwang},
          journal={Proceedings of the IEEE},
            volume={97},
              number={5},
                pages={805--823},
                  year={2009},
                    publisher={IEEE}
}
@article{urkowitz1967energy,
      title={Energy detection of unknown deterministic signals},
        author={Urkowitz, Harry},
          journal={Proceedings of the IEEE},
            volume={55},
              number={4},
                pages={523--531},
                  year={1967},
                    publisher={IEEE}
}
@article{akyildiz2011cooperative,
      title={Cooperative spectrum sensing in cognitive radio networks: A survey},
        author={Akyildiz, Ian F and Lo, Brandon F and Balakrishnan, Ravikumar},
          journal={Physical Communication},
            volume={4},
              number={1},
                pages={40--62},
                  year={2011},
                    publisher={Elsevier}
}
@inproceedings{axell2010overview,
      title={Overview of spectrum sensing for cognitive radio},
        author={Axell, Erik and Leus, Geert and Larsson, Erik G},
          booktitle={Cognitive Information Processing (CIP), 2010 2nd International Workshop on},
            pages={322--327},
              year={2010},
                organization={IEEE}
}
@article{wang2011advances,
      title={Advances in cognitive radio networks: A survey},
        author={Wang, Beibei and Liu, KJ Ray},
          journal={Selected Topics in Signal Processing, IEEE Journal of},
            volume={5},
              number={1},
                pages={5--23},
                  year={2011},
                    publisher={IEEE}
}
@article{umar2012spectrum,
      title={Spectrum access and sharing for cognitive radio},
        author={Umar, Raza and Sheikh, Asrar UH},
          journal={Developments in wireless network prototyping, design and deployment: Future generations, IGI Global},
            pages={241--271},
              year={2012}
}
@book{mouly1992gsm,
      title={The GSM system for mobile communications},
        author={Mouly, Michel and Pautet, Marie-Bernadette and Foreword By-Haug, Thomas},
          year={1992},
            publisher={Telecom Publishing}
}

@article{mitola2000cognitive,
      title={Cognitive Radio---An Integrated Agent Architecture for Software Defined Radio},
        author={Mitola, Joseph},
          year={2000},
            publisher={Royal Institute of Technology (KTH)}
}
@article{umar2013comparative,
      title={A comparative study of spectrum awareness techniques for cognitive radio oriented wireless networks},
        author={Umar, Raza and Sheikh, Asrar UH},
          journal={Physical Communication},
            volume={9},
              pages={148--170},
                year={2013},
                  publisher={Elsevier}
}

@article{mitola1999cognitive,
      title={Cognitive radio: making software radios more personal},
        author={Mitola, Joseph and Maguire Jr, Gerald Q},
          journal={Personal Communications, IEEE},
            volume={6},
              number={4},
                pages={13--18},
                  year={1999},
                    publisher={IEEE}
}
@article{federal2005notice,
      title={Notice of proposed rule making and order: Facilitating opportunities for flexible, efficient, and reliable spectrum use employing cognitive radio technologies},
        author={Federal Communications Commission and others},
          journal={ET docket},
            number={03-108},
              pages={73},
                year={2005}
}

@book{cox2014introduction,
      title={An Introduction to LTE: LTE, LTE-Advanced, SAE, VoLTE and 4G Mobile Communications},
        author={Cox, Christopher},
          year={2014},
            publisher={John Wiley \& Sons}
}

@article{nonotice,
      title={NOTICE OF PROPOSED RULE MAKING AND ORDER},
        author={No, CC Docket}
}
@incollection{pelcat20133gpp,
      title={3GPP Long Term Evolution},
        author={Pelcat, Maxime and Aridhi, Slaheddine and Piat, Jonathan and Nezan, Jean-Fran{\c{c}}ois},
          booktitle={Physical Layer Multi-Core Prototyping},
            pages={9--51},
              year={2013},
                publisher={Springer}
}i

@article{fawcett2006introduction,
  title={An introduction to ROC analysis},
  author={Fawcett, Tom},
  journal={Pattern recognition letters},
  volume={27},
  number={8},
  pages={861--874},
  year={2006},
  publisher={Elsevier}
}

@article{medicalROC,
title={The Meaning and Use of the Area under a Receiver Operating Characteristic (ROC) Curve},
author={James A.Hanley, Barbara J.McNeil},
year={1982},
publisher={Radioiogical Society of North America}
}

@book{goldsmith2005wireless,
  title={Wireless communications},
  author={Goldsmith, Andrea},
  year={2005},
  publisher={Cambridge university press}
}

@inproceedings{tian2007compressed,
  title={Compressed sensing for wideband cognitive radios},
  author={Tian, Zhi and Giannakis, Georgios B},
  booktitle={Acoustics, Speech and Signal Processing, 2007. ICASSP 2007. IEEE International Conference on},
  volume={4},
  pages={IV--1357},
  year={2007},
  organization={IEEE}
}

@inproceedings{ganesan2005cooperative,
  title={Cooperative spectrum sensing in cognitive radio networks},
  author={Ganesan, Ghurumuruhan and Li, Ye},
  booktitle={New Frontiers in Dynamic Spectrum Access Networks, 2005. DySPAN 2005. 2005 First IEEE International Symposium on},
  pages={137--143},
  year={2005},
  organization={IEEE}
}

@article{axell2012spectrum,
  title={Spectrum sensing for cognitive radio: State-of-the-art and recent advances},
  author={Axell, Erik and Leus, Geert and Larsson, Erik G and Poor, H Vincent},
  journal={Signal Processing Magazine, IEEE},
  volume={29},
  number={3},
  pages={101--116},
  year={2012},
  publisher={IEEE}
}

@inproceedings{zhang1999design,
    title={Design of extended Neyman-Pearson hypothesis tests},
      author={Zhang, Qian and Varshney, Pramod K and Zhu, Yunmin},
        booktitle={AeroSense'99},
          pages={378--389},
            year={1999},
              organization={International Society for Optics and Photonics}
}

@article{zeng2010review,
    title={A review on spectrum sensing for cognitive radio: challenges and solutions},
      author={Zeng, Yonghong and Liang, Ying-Chang and Hoang, Anh Tuan and Zhang, Rui},
        journal={EURASIP Journal on Advances in Signal Processing},
          volume={2010},
            pages={2},
              year={2010},
                publisher={Hindawi Publishing Corp.}
}

@inproceedings{chen2007signature,
	  title={Signature based spectrum sensing algorithms for IEEE 802.22 WRAN},
	    author={Chen, Hou-Shin and Gao, Wen and Daut, David G},
	      booktitle={Communications, 2007. ICC'07. IEEE International Conference on},
	        pages={6487--6492},
		  year={2007},
		    organization={IEEE}
}

@article{shellhammer2008spectrum,
	  title={Spectrum sensing in IEEE 802.22},
	    author={Shellhammer, Stephen J and others},
	      journal={IAPR Wksp. Cognitive Info. Processing},
	        pages={9--10},
		  year={2008}
}
@inproceedings{karmalita2007statistical,
	  title={Statistical Detection of NTSC Signals in an IEEE 802.22 Environment for Dynamic Spectrum Access},
	    author={Karmalita, Yuri and Leib, Harry},
	      booktitle={Signals, Systems and Electronics, 2007. ISSSE'07. International Symposium on},
	        pages={63--66},
		  year={2007},
		    organization={IEEE}
}

@book{poor1994introduction,
	  title={An introduction to signal detection and estimation},
	    author={Poor, H Vincent},
	      year={1994},
	        publisher={Springer}
}
@inproceedings{spooner2013tunnelized,
	  title={Tunnelized Cyclostationary Signal Processing: A Novel Approach to Low-Energy Spectrum Sensing},
	    author={Spooner, Chad M and Mody, Apurva N and Chuang, Jack and Anthony, Michael P},
	      booktitle={Military Communications Conference, MILCOM 2013-2013 IEEE},
	        pages={811--816},
		  year={2013},
		    organization={IEEE}
}

@article{sun2013wideband2,
	  title={Wideband spectrum sensing with sub-Nyquist sampling in cognitive radios},
	    author={Sun, Hongjian and Chiu, Wei-Yu and Jiang, Jing and Nallanathan, Arumugam and Poor, H Vincent},
	      journal={arXiv preprint arXiv:1302.1847},
	        year={2013}
}
@article{sun2013wideband,
	  title={Wideband spectrum sensing for cognitive radio networks: a survey},
	    author={Sun, Hongjian and Nallanathan, Arumugam and Wang, Cheng-Xiang and Chen, Yunfei},
	      journal={Wireless Communications, IEEE},
	        volume={20},
		  number={2},
		    pages={74--81},
		      year={2013},
		        publisher={IEEE}
}
@article{axell2011optimal,
	  title={Optimal and sub-optimal spectrum sensing of OFDM signals in known and unknown noise variance},
	    author={Axell, Erik and Larsson, Erik G},
	      journal={Selected Areas in Communications, IEEE Journal on},
	        volume={29},
		  number={2},
		    pages={290--304},
		      year={2011},
		        publisher={IEEE}
}

@article{urkowitz1967energy,
  title={Energy detection of unknown deterministic signals},
  author={Urkowitz, Harry},
  journal={Proceedings of the IEEE},
  volume={55},
  number={4},
  pages={523--531},
  year={1967},
  publisher={IEEE}
}

@inproceedings{cabric2004implementation,
	  title={Implementation issues in spectrum sensing for cognitive radios},
	    author={Cabric, Danijela and Mishra, Shridhar Mubaraq and Brodersen, Robert W},
	      booktitle={Signals, systems and computers, 2004. Conference record of the thirty-eighth Asilomar conference on},
	        volume={1},
		  pages={772--776},
		    year={2004},
		      organization={IEEE}
}
@article{akyildiz2011cooperative,
  title={Cooperative spectrum sensing in cognitive radio networks: A survey},
  author={Akyildiz, Ian F and Lo, Brandon F and Balakrishnan, Ravikumar},
  journal={Physical Communication},
  volume={4},
  number={1},
  pages={40--62},
  year={2011},
  publisher={Elsevier}
}

@inproceedings{ye2007spectrum,
	  title={Spectrum sensing using cyclostationary spectrum density for cognitive radios},
	    author={Ye, Zhuan and Grosspietsch, John and Memik, Gokhan},
	      booktitle={Signal Processing Systems, 2007 IEEE Workshop on},
	        pages={1--6},
		  year={2007},
		    organization={IEEE}
}

@article{urkowitz1967energy,
	  title={Energy detection of unknown deterministic signals},
	    author={Urkowitz, Harry},
	      journal={Proceedings of the IEEE},
	        volume={55},
		  number={4},
		    pages={523--531},
		      year={1967},
		        publisher={IEEE}
}

@article{tandra2009spectrum,
	  title={What is a spectrum hole and what does it take to recognize one?},
	    author={Tandra, Rahul and Mishra, Shridhar Mubaraq and Sahai, Anant},
	      journal={Proceedings of the IEEE},
	        volume={97},
		  number={5},
		    pages={824--848},
		      year={2009},
		        publisher={IEEE}
}

@article{zeng2010review,
	  title={A review on spectrum sensing for cognitive radio: challenges and solutions},
	    author={Zeng, Yonghong and Liang, Ying-Chang and Hoang, Anh Tuan and Zhang, Rui},
	      journal={EURASIP Journal on Advances in Signal Processing},
	        volume={2010},
		  pages={2},
		    year={2010},
		      publisher={Hindawi Publishing Corp.}
}

@article{ghasemi2008spectrum,
	  title={Spectrum sensing in cognitive radio networks: requirements, challenges and design trade-offs},
	    author={Ghasemi, Amir and Sousa, Elvino S},
	      journal={Communications Magazine, IEEE},
	        volume={46},
		  number={4},
		    pages={32--39},
		      year={2008},
		        publisher={IEEE}
}

@inproceedings{buddhikot2007understanding,
	  title={Understanding dynamic spectrum access: Models, taxonomy and challenges},
	    author={Buddhikot, Milind M},
	      booktitle={New Frontiers in Dynamic Spectrum Access Networks, 2007. DySPAN 2007. 2nd IEEE International Symposium on},
	        pages={649--663},
		  year={2007},
		    organization={IEEE}
}

@article{goldsmith2009breaking,
	  title={Breaking spectrum gridlock with cognitive radios: An information theoretic perspective},
	    author={Goldsmith, Andrea and Jafar, Syed Ali and Maric, Ivana and Srinivasa, Sudhir},
	      journal={Proceedings of the IEEE},
	        volume={97},
		  number={5},
		    pages={894--914},
		      year={2009},
		        publisher={IEEE}
}

@ARTICLE{a001,
	author={Haykin, S.},
	journal={Selected Areas in Communications, IEEE Journal on}, title={Cognitive radio: brain-empowered wireless communications},
	year={2005},
	month={feb.},
	volume={23},
	number={2},
	pages={ 201 - 220},
	keywords={ brain-empowered wireless communication; channel-state estimation; cognitive radio; interference temperature; machine learning; predictive modeling; radio electromagnetic spectrum; radio-scene analysis; software-defined radio; stochastic games; transmit-power control; understanding-by-building; channel estimation; cognitive systems; learning (artificial intelligence); power control; radio spectrum management; software radio; stochastic games;},
	doi={10.1109/JSAC.2004.839380},
	ISSN={0733-8716},};

@book{mark2011probability,
  title={Probability, Random Processes, and Statistical Analysis},
  author={Mark, Brian L and Turin, William},
  year={2011},
  publisher={Cambridge University Press Textbooks}
}

@article{atapattu2010analysis,
  title={Analysis of area under the ROC curve of energy detection},
  author={Atapattu, Saman and Tellambura, Chintha and Jiang, Hai},
  journal={Wireless Communications, IEEE Transactions on},
  volume={9},
  number={3},
  pages={1216--1225},
  year={2010},
  publisher={IEEE}
}

@book{los2001elementary,
  title={Elementary signal detection theory},
  author={Los Angeles Thomas, D and others},
  year={2001},
  publisher={Oxford University Press}
}

@book{krantz2002primer,
  title={A primer of real analytic functions},
  author={Krantz, Steven George and Parks, Harold R},
  year={2002},
  publisher={Springer}
}
@book{PoorEstimation,
author = "Poor, H Vincent, and H. Vincent VPoor",
title = "An introduction to signal detection and estimation",
publisher = " New York: Springer-Verlag",
year = 1994,
pages = "5--30"
};
@article{wald1939contributions,
  title={Contributions to the theory of statistical estimation and testing hypotheses},
  author={Wald, A.},
  journal={The Annals of Mathematical Statistics},
  pages={299--326},
  year={1939},
  publisher={JSTOR}
}
@article{dantzig1951fundamental,
  title={On the fundamental lemma of Neyman and Pearson},
  author={Dantzig, G.B. and Wald, A.},
  journal={The Annals of Mathematical Statistics},
  volume={22},
  number={1},
  pages={87--93},
  year={1951},
  publisher={Institute of Mathematical Statistics}
};
@book{LehmannTest,
author = {Lehmann, E L},
title = {Testing statistical hypotheses},
publisher = {Wiley},
year = {1959}
};
@article{halmmm,
  title={The range of a vector measure},
  author={Halmos, P.R.},
  journal={Bull. Amer. Math. Soc},
  volume={54},
  number={4},
  pages={416--421},
  year={1948}
};
@article{neyman1933problem,
  title={On the problem of the most efficient tests of statistical hypotheses},
  author={Neyman, J. and Pearson, E.S.},
  journal={Philosophical Transactions of the Royal Society of London. Series A, Containing Papers of a Mathematical or Physical Character},
  volume={231},
  pages={289--337},
  year={1933},
  publisher={JSTOR}
};
@article{hassani2009dirac,
  title={Dirac delta function},
  author={Hassani, S.},
  journal={Mathematical Methods},
  pages={139--170},
  year={2009},
  publisher={Springer}
};
@article{Dannon2011dirac,
title={The Delta Function},
author={Dannon, H. Vic},
journal={Gauge Institute Journal},
year={2011},
volume={7},
number={4}
}
@inproceedings{tandra2007snr,
  title={SNR walls for feature detectors},
  author={Tandra, R. and Sahai, A.},
  booktitle={New Frontiers in Dynamic Spectrum Access Networks, 2007. DySPAN 2007. 2nd IEEE International Symposium on},
  pages={559--570},
  year={2007},
  organization={IEEE}
}
@book{goldsmith2005wireless,
  title={Wireless communications},
  author={Goldsmith, Andrea},
  year={2005},
  publisher={Cambridge university press}
}

@article{pop2001limitations,
  title={Limitations of sum-of-sinusoids fading channel simulators},
  author={Pop, Marius F and Beaulieu, Norman C},
  journal={Communications, IEEE Transactions on},
  volume={49},
  number={4},
  pages={699--708},
  year={2001},
  publisher={IEEE}
}

@misc{wc1974microwave,
  title={Microwave mobile communications},
  author={WC Jr, Jakes},
  year={1974},
  publisher={Wiley, New York}
}

@article{young2000generation,
  title={The generation of correlated Rayleigh random variates by inverse discrete Fourier transform},
  author={Young, David J and Beaulieu, Norman C},
  journal={Communications, IEEE Transactions on},
  volume={48},
  number={7},
  pages={1114--1127},
  year={2000},
  publisher={IEEE}
}

@article{baddour2005autoregressive,
  title={Autoregressive modeling for fading channel simulation},
  author={Baddour, Kareem E and Beaulieu, Norman C},
  journal={Wireless Communications, IEEE Transactions on},
  volume={4},
  number={4},
  pages={1650--1662},
  year={2005},
  publisher={IEEE}
}

@book{patrikalakis2002shape,
  title={Shape interrogation for computer aided design and manufacturing},
  author={Patrikalakis, Nicholas M and Maekawa, Takashi},
  year={2002},
  publisher={Springer Verlag}
}

@book{swokowski1979calculus,
  title={Calculus with analytic geometry},
  author={Swokowski, Earl William},
  year={1979},
  publisher={Brooks/Cole}
}

@book{talpaert2001differential,
  title={Differential Geometry: With Applications to Mechanics and Physics},
  author={Talpaert, Yves},
  volume={237},
  year={2001},
  publisher={CRC Press}
}

@inproceedings{tandra2007snr,
  title={SNR walls for feature detectors},
  author={Tandra, Rahul and Sahai, Anant},
  booktitle={New Frontiers in Dynamic Spectrum Access Networks, 2007. DySPAN 2007. 2nd IEEE International Symposium on},
  pages={559--570},
  year={2007},
  organization={IEEE}
}

@article{yucek2009survey,
  title={A survey of spectrum sensing algorithms for cognitive radio applications},
  author={Yucek, Tevfik and Arslan, Huseyin},
  journal={Communications Surveys \& Tutorials, IEEE},
  volume={11},
  number={1},
  pages={116--130},
  year={2009},
  publisher={IEEE}
}

@article{gardner1991exploitation,
  title={Exploitation of spectral redundancy in cyclostationary signals},
  author={Gardner, William A},
  journal={Signal Processing Magazine, IEEE},
  volume={8},
  number={2},
  pages={14--36},
  year={1991},
  publisher={IEEE}
}

@article{axell2011optimal,
  title={Optimal and sub-optimal spectrum sensing of OFDM signals in known and unknown noise variance},
  author={Axell, Erik and Larsson, Erik G},
  journal={Selected Areas in Communications, IEEE Journal on},
  volume={29},
  number={2},
  pages={290--304},
  year={2011},
  publisher={IEEE}
}

@book{green1966signal,
  title={Signal detection theory and psychophysics},
  author={Green, David Marvin and Swets, John A and others},
  volume={1},
  year={1966},
  publisher={Wiley New York}
}

@article{wang2011advances,
  title={Advances in cognitive radio networks: A survey},
  author={Wang, Beibei and Liu, KJ Ray},
  journal={Selected Topics in Signal Processing, IEEE Journal of},
  volume={5},
  number={1},
  pages={5--23},
  year={2011},
  publisher={IEEE}
}

@article{akyildiz2011cooperative,
  title={Cooperative spectrum sensing in cognitive radio networks: A survey},
  author={Akyildiz, Ian F and Lo, Brandon F and Balakrishnan, Ravikumar},
  journal={Physical Communication},
  volume={4},
  number={1},
  pages={40--62},
  year={2011},
  publisher={Elsevier}
}

@inproceedings{tandra2005fundamental,
  title={Fundamental limits on detection in low SNR under noise uncertainty},
  author={Tandra, Rahul and Sahai, Anant},
  booktitle={Wireless Networks, Communications and Mobile Computing, 2005 International Conference on},
  volume={1},
  pages={464--469},
  year={2005},
  organization={IEEE}
}

@inproceedings{tang2005some,
  title={Some physical layer issues of wide-band cognitive radio systems},
  author={Tang, Haiyun},
  booktitle={New frontiers in dynamic spectrum access networks, 2005. DySPAN 2005. 2005 first IEEE international symposium on},
  pages={151--159},
  year={2005},
  organization={IEEE}
}


@inproceedings{ganesan2005cooperative,
  title={Cooperative spectrum sensing in cognitive radio networks},
  author={Ganesan, Ghurumuruhan and Li, Ye},
  booktitle={New Frontiers in Dynamic Spectrum Access Networks, 2005. DySPAN 2005. 2005 First IEEE International Symposium on},
  pages={137--143},
  year={2005},
  organization={IEEE}
}

@book{arslan2007cognitive,
  title={Cognitive radio, software defined radio, and adaptive wireless systems},
  author={Arslan, H{\"u}seyin},
  volume={10},
  year={2007},
  publisher={Springer}
}
